 @article{harris1954distributional,
  title={Distributional structure.},
  author={Harris, Z.S.},
  journal={Word},
  year={1954}
}
@inproceedings{dinu2010measuring,
  title={Measuring distributional similarity in context},
  author={Dinu, G. and Lapata, M.},
  booktitle={Proceedings of the 2010 Conference on Empirical Methods in Natural Language Processing},
  pages={1162--1172},
  year={2010},
  organization={Association for Computational Linguistics}
}
@article{zhitomirsky2009bootstrapping,
  title={Bootstrapping distributional feature vector quality},
  author={Zhitomirsky-Geffet, M. and Dagan, I.},
  journal={Computational Linguistics},
  volume={35},
  number={3},
  pages={435--461},
  year={2009},
  publisher={MIT Press}
}
@inproceedings{thater2009ranking,
  title={Ranking paraphrases in context},
  author={Thater, S. and Dinu, G. and Pinkal, M.},
  booktitle={Proceedings of the 2009 Workshop on Applied Textual Inference},
  pages={44--47},
  year={2009},
  organization={Association for Computational Linguistics}
}
@article{baroni2010distributional,
  title={Distributional memory: A general framework for corpus-based semantics},
  author={Baroni, M. and Lenci, A.},
  journal={Computational Linguistics},
  volume={36},
  number={4},
  pages={673--721},
  year={2010},
  publisher={MIT Press}
}
@inproceedings{lin1998automatic,
  title={Automatic retrieval and clustering of similar words},
  author={Lin, D.},
  booktitle={Proceedings of the 17th international conference on Computational linguistics-Volume 2},
  pages={768--774},
  year={1998},
  organization={Association for Computational Linguistics}
}
@article{sch√ºtze1998automatic,
  title={Automatic word sense discrimination},
  author={Sch{\"u}tze, H.},
  journal={Computational Linguistics},
  volume={24},
  number={1},
  pages={97--123},
  year={1998},
  publisher={MIT Press}
}
@inproceedings{yarowsky1995unsupervised,
  title={Unsupervised word sense disambiguation rivaling supervised methods},
  author={Yarowsky, D.},
  booktitle={Proceedings of the 33rd annual meeting on Association for Computational Linguistics},
  pages={189--196},
  year={1995},
  organization={Association for Computational Linguistics}
}
@inproceedings{yarowsky1992word,
  title={Word-sense disambiguation using statistical models of Roget's categories trained on large corpora},
  author={Yarowsky, D.},
  booktitle={Proceedings of the 14th conference on Computational linguistics-Volume 2},
  pages={454--460},
  year={1992},
  organization={Association for Computational Linguistics}
}
@article{lee2001algorithms,
  title={Algorithms for non-negative matrix factorization},
  author={Lee, D.D. and Seung, H.S.},
  journal={Advances in neural information processing systems},
  volume={13},
  year={2001},
  publisher={Citeseer}
}
@article{blei2003latent,
  title={Latent dirichlet allocation},
  author={Blei, D.M. and Ng, A.Y. and Jordan, M.I.},
  journal={The Journal of Machine Learning Research},
  volume={3},
  pages={993--1022},
  year={2003},
  publisher={JMLR. org}
}
@inproceedings{hofmann1999probabilistic,
  title={Probabilistic latent semantic indexing},
  author={Hofmann, T.},
  booktitle={Proceedings of the 22nd annual international ACM SIGIR conference on Research and development in information retrieval},
  pages={50--57},
  year={1999},
  organization={ACM}
}
@article{ding2008equivalence,
  title={On the equivalence between non-negative matrix factorization and probabilistic latent semantic indexing},
  author={Ding, C. and Li, T. and Peng, W.},
  journal={Computational Statistics \& Data Analysis},
  volume={52},
  number={8},
  pages={3913--3927},
  year={2008},
  publisher={Elsevier}
}
@inproceedings{li2010topic,
  title={Topic models for word sense disambiguation and token-based idiom detection},
  author={Li, L. and Roth, B. and Sporleder, C.},
  booktitle={Proceedings of the 48th Annual Meeting of the Association for Computational Linguistics},
  pages={1138--1147},
  year={2010},
  organization={Association for Computational Linguistics}
}

@inproceedings{thater2010,
 author = {Thater, Stefan and F\"{u}rstenau, Hagen and Pinkal, Manfred},
 title = {Contextualizing semantic representations using syntactically enriched vector models},
 booktitle = {Proceedings of the 48th Annual Meeting of the Association for Computational Linguistics},
 series = {ACL '10},
 year = {2010},
 location = {Uppsala, Sweden},
 pages = {948--957},
 numpages = {10},
 url = {http://dl.acm.org/citation.cfm?id=1858681.1858778},
 acmid = {1858778},
 publisher = {Association for Computational Linguistics},
 address = {Stroudsburg, PA, USA},
}

@article{turney2010frequency,
  title={From frequency to meaning: Vector space models of semantics},
  author={Turney, Peter D and Pantel, Patrick and others},
  journal={Journal of artificial intelligence research},
  volume={37},
  number={1},
  pages={141--188},
  year={2010}
}

@inproceedings{grefenstette2011experimental,
  title={Experimental support for a categorical compositional distributional model of meaning},
  author={Grefenstette, Edward and Sadrzadeh, Mehrnoosh},
  booktitle={Proceedings of the Conference on Empirical Methods in Natural Language Processing},
  pages={1394--1404},
  year={2011},
  organization={Association for Computational Linguistics}
}

@inproceedings{mitchell2008vector,
  title={Vector-based Models of Semantic Composition.},
  author={Mitchell, Jeff and Lapata, Mirella},
  year={2008},
  booktitle={Proceedings of ACL-08: HLT},
  pages={236--244},
  organization={Association for Computational Linguistics}

}

@inproceedings{socher2012semantic,
  title={Semantic compositionality through recursive matrix-vector spaces},
  author={Socher, Richard and Huval, Brody and Manning, Christopher D and Ng, Andrew Y},
  booktitle={Proceedings of the 2012 Joint Conference on Empirical Methods in Natural Language Processing and Computational Natural Language Learning},
  pages={1201--1211},
  year={2012},
  organization={Association for Computational Linguistics}
}
@inproceedings{serafin2003latent,
  title={Latent Semantic Analysis for dialogue act classification},
  author={Serafin, Riccardo and Di Eugenio, Barbara and Glass, Michael},
  booktitle={Proceedings of the 2003 Conference of the North American Chapter of the Association for Computational Linguistics on Human Language Technology: companion volume of the Proceedings of HLT-NAACL 2003--short papers-Volume 2},
  pages={94--96},
  year={2003},
  organization={Association for Computational Linguistics}
}
@article{benthem1990categorial,
  title={Categorial grammar and type theory},
  author={Benthem, Johan},
  journal={Journal of Philosophical Logic},
  volume={19},
  number={2},
  pages={115--168},
  year={1990},
  publisher={Springer}
}
@inproceedings{godfrey1992switchboard,
  title={SWITCHBOARD: Telephone speech corpus for research and development},
  author={Godfrey, John J and Holliman, Edward C and McDaniel, Jane},
  booktitle={Acoustics, Speech, and Signal Processing, 1992. ICASSP-92., 1992 IEEE International Conference on},
  volume={1},
  pages={517--520},
  year={1992},
  organization={IEEE}
}
@article{firth1957lingtheory,
    author = {Firth, John R.},
    edition = {1st},
    howpublished = {Special volume of the Philological Society.},
    journal = {Studies in Linguistic Analysis},
    pages = {1--32},
    posted-at = {2009-03-05 19:12:15},
    priority = {2},
    publisher = {Basic Blackwell, Oxford},
    title = {{A Synopsis of Linguistic Theory, 1930-1955}},
    year = {1957}
}
@article{coecke2010,
  author    = {Bob Coecke and
               Mehrnoosh Sadrzadeh and
               Stephen Clark},
  title     = {Mathematical Foundations for a Compositional Distributional
               Model of Meaning},
  journal   = {CoRR},
  volume    = {abs/1003.4394},
  year      = {2010},
  ee        = {http://arxiv.org/abs/1003.4394},
  bibsource = {DBLP, http://dblp.uni-trier.de}
}
@inbook{mehrnoosh2013,
  title = "Reasoning about Meaning in Natural Language with Compact Closed Categories and Frobenius Algebras",
  author = {"Dimitri Kartsaklis and Mehrnoosh Sadrzadeh and Stephen Pulman and Bob Coecke"},
  year = "2013",
  booktitle = "Logic and Algebraic Structures in Quantum Computing and Information",
  editor = "Chubb, J., Eskandarian, A. and Harizanov, V.",
  note = "To appear",
  publisher = "Cambridge University Press",
}
@inproceedings{lin2012syntactic,
  title={{Syntactic annotations for the Google Books ngram corpus}},
  author={Lin, Yuri and Michel, Jean-Baptiste and Aiden, Erez Lieberman and Orwant, Jon and Brockman, Will and Petrov, Slav},
  booktitle={Proceedings of the ACL 2012 System Demonstrations},
  pages={169--174},
  year={2012},
  organization={Association for Computational Linguistics}
}
@article{crowdy1995bnc,
  title={{The BNC spoken corpus}},
  author={Crowdy, Steve},
  journal={Leech et al},
  pages={224--235},
  year={1995}
}
@article{steedman2011romantics,
  title={Romantics and revolutionaries},
  author={Steedman, Mark},
  journal={Linguistic Issues in Language Technology},
  volume={6},
  year={2011}
}
@inproceedings{Bos2008STEP2,
   title     = {Wide-Coverage Semantic Analysis with Boxer},
   author    = {Bos, Johan},
   booktitle = {Semantics in Text Processing. STEP 2008 Conference Proceedings},
   editor    = {Bos, Johan and Delmonte, Rodolfo},
   publisher = {College Publications},
   series    = {Research in Computational Semantics},
   pages     = {277--286},
   year      = {2008}
}
